<?xml version="1.0" encoding="UTF-8"?><collection xmlns="http://www.loc.gov/MARC21/slim"><record><leader>00605nam--2200181-i-4500</leader><controlfield tag="001">000014209</controlfield><controlfield tag="002">20161230</controlfield><controlfield tag="005">20161230201030</controlfield><controlfield tag="008">060222s1000------------r-----000-0-eng-d</controlfield><datafield ind1=" " ind2=" " tag="020"><subfield code="a">9971950278</subfield></datafield><datafield ind1=" " ind2=" " tag="040"><subfield code="a">IFIN-HH</subfield></datafield><datafield ind1=" " ind2=" " tag="080"><subfield code="a">524.8(075.9)</subfield></datafield><datafield ind1="1" ind2=" " tag="100"><subfield code="a">Sabbata, Venzo De</subfield></datafield><datafield ind1="1" ind2="0" tag="245"><subfield code="a">The origin and evolution of galaxies</subfield><subfield code="b">Proccedings of the international school of cosmology and gravitation held in erice, trapani, sicily, may 11-23, 1981</subfield><subfield code="c">Venzo de sabbata (ed.)</subfield></datafield><datafield ind1=" " ind2=" " tag="260"><subfield code="a">Singapore</subfield><subfield code="b">World Scientific Publishing</subfield><subfield code="c">1982</subfield></datafield><datafield ind1=" " ind2=" " tag="300"><subfield code="a">221P</subfield></datafield><datafield ind1=" " ind2=" " tag="852"><subfield code="a">70269</subfield><subfield code="c">523</subfield></datafield><datafield ind1=" " ind2=" " tag="CAT"><subfield code="a">Sys</subfield><subfield code="c">20141204</subfield><subfield code="h">160718</subfield></datafield></record></collection>